2834 4625
469 337 684 385 Tithonidos
709 338 784 384 hin·
807 338 858 385 lv.

112 482 257 559 Lamon,
272 492 307 549 et
321 483 468 548 anfractu
483 483 631 565 riparum
647 482 806 547 incurvus
821 482 965 547 Elissos.

114 585 235 650 Saevus
250 586 356 650 honos
369 586 489 649 fluvio:
512 586 648 666 Stygiae
663 584 803 680 lustrare
818 585 947 648 severis

113 685 313 751 Eumenidas
328 686 518 769 perhibetur
532 686 649 767 aquis:
672 684 738 749 huc
749 704 896 767 mergere
912 690 1021 761 suetae

116 787 196 866 Ore,
209 795 244 851 et
259 788 453 853 anhelantes
468 794 542 853 tuto
558 787 801 869 Phlegethonte
815 793 984 853 cerastas:
1170 788 1216 851 65

114 889 184 953 Sen
197 888 361 953 Thracum
378 895 502 955 vertere
517 888 648 966 domos,
663 909 724 953 seu
740 895 829 953 tecte
843 888 1001 971 Mycenis

114 990 237 1074 Impia,
251 990 473 1055 Cadmeumve
489 990 608 1054 larem:
632 990 717 1071 fugit
730 992 803 1073 ipse
818 996 970 1053 natantes

115 1090 248 1171 Amnis,
263 1099 297 1157 et
310 1093 487 1157 innumeris
502 1092 666 1157 livescunt
680 1098 798 1174 stagna
810 1094 957 1157 venenis.
1015 1168 1021 1176 ,

115 1276 192 1337 uim,
206 1279 231 1325 et
243 1275 335 1325 Elissos
340 1275 411 1339 flens
427 1276 535 1324 littorum
543 1274 658 1325 sinsusss.
690 1275 809 1327 Aeerhrun
818 1277 887 1324 decus
899 1278 935 1323 est
946 1273 1060 1336 fisurius':
1075 1273 1164 1323 dirim
1174 1288 1216 1323 er·

113 1340 182 1401 piare
192 1340 294 1403 austeris
303 1341 374 1389 sudis
384 1339 481 1400 inferus
493 1341 600 1397 Fsm'ns5
615 1342 690 1389 solent
701 1341 728 1389 iss
739 1341 800 1389 hssre
816 1353 922 1400 mergere
939 1343 1008 1402 eupst
1025 1352 1102 1398 ειη,
1118 1344 1143 1387 st
1161 1339 1215 1387 siti-

117 1403 206 1453 lrsndos
214 1410 341 1467 mpeutes,
351 1409 403 1455 teto
411 1405 597 1465 Pnteretnnsre:
606 1418 647 1453 ses
656 1406 779 1453 diruerat
790 1406 852 1453 redes
861 1404 985 1464 Thracen,
995 1416 1035 1452 ses
1043 1402 1144 1464 profuso
1153 1408 1217 1451 treta

116 1468 281 1532 utrumn,
291 1484 319 1519 ne
329 1469 413 1519 Cadmi
421 1474 527 1533 penates.
543 1468 758 1533 Ipseumssisssgs't
769 1483 808 1519 ens
817 1482 843 1518 se
853 1466 981 1523 onustes,
989 1471 1014 1516 et
1022 1468 1093 1517 ssdoe
1102 1466 1218 1517 limem

581 1610 761 1633 ‘muumo

116 1706 160 1763 siti
171 1709 262 1761 Barth.
278 1710 393 1773 insugillu
409 1708 515 1769 iueeuiir
531 1706 607 1761 codd.
627 1710 742 1761 Lutatii:
759 1709 865 1773 strigilis
883 1709 1045 1760 meme-⁶2
1061 1706 1146 1757 Antis
1164 1704 1217 1757 Pe·

117 1780 263 1827 trene-hl
290 1775 429 1824 Peruenides
447 1774 553 1823 Behott.
579 1775 633 1823 huie
655 1790 761 1837 magere
781 1774 863 1837 inaug.
884 1774 961 1823 Lnnr.
979 1772 1095 1835 Lipsisu.
1116 1771 1218 1820 Buslld.

119 1842 213 1891 Peter.
224 1846 251 1888 et
263 1840 324 1889 edd.
337 1846 401 1890 vett.
413 1839 457 1888 nne
467 1852 572 1899 merem
582 1839 643 1889 Put.
653 1839 723 1889 Dsn.
733 1847 762 1889 et
778 1839 884 1887 Behott.
895 1852 954 1887 eum
965 1836 1026 1887 edd.
1040 1840 1216 1885 recente-⁶5

118 1905 181 1956 Put.
194 1904 329 1953 anhelantes
346 1909 409 1967 putu.
428 1904 487 1952 Nic.
499 1902 621 1952 Heinsius
633 1903 665 1951 ud
684 1902 775 1953 Claud.
794 1916 838 1951 sss.
856 1903 933 1966 Rspt.
952 1902 1073 1963 Proserp.
1084 1902 1141 1948 886.
1153 1899 1218 1962 legit

118 1970 198 2021 etisur
209 1974 265 2031 puto
273 1986 283 2026 ,-
299 1974 327 2017 et
344 1972 382 2017 its
393 1967 513 2029 Guyetus
531 1966 594 2016 ulios
610 1968 699 2029 legere
720 1967 835 2016 uotssitr
852 1965 935 2014 simile
947 1963 1007 2026 qnid
1024 1963 1138 2012 oeehrrit
1148 1962 1219 2025 opud

118 2034 228 2083 eundem
242 2033 332 2083 Clsud.
344 2044 377 2081 ιι.
390 2030 471 2095 Rspt.
485 2031 604 2093 Proserp.
622 2036 679 2082 83³.
697 2038 726 2081 et
742 2045 796 2095 serp
823 2030 940 2081 Jortinus
950 2027 1130 2089 conieetsbsts
1146 2027 1219 2075 me·

118 2099 196 2147 lentes
204 2103 291 2160 meus.
304 2096 345 2145 sel
355 2100 440 2157 tntum,
453 2096 645 2155 Phlegettnntne
660 2096 709 2145 hue
720 2096 840 2144 ultimum
851 2095 930 2144 hehet
938 2094 1051 2156 optimus
1061 2090 1219 2141 Bsrthisnus

116 2176 204 2225 prov.
216 2162 233 2213 Ι.
245 2160 290 2209 sed
306 2162 332 2208 in
353 2167 427 2209 textu
438 2165 488 2210 tntu
499 2160 686 2222 Peregrinum
722 2160 773 2209 uod
792 2159 836 2208 ille
857 2159 1025 2221 probet—56
1041 2155 1115 2205 Idem
1135 2154 1218 2203 sodex

119 2225 212 2276 Bsrth.
224 2230 285 2275 tectu
300 2224 414 2291 Mycenes
421 2240 432 2283 ,·
447 2224 595 2274 Gronovius
606 2224 675 2289 conj.
716 2239 808 2289 yeme.
821 2222 887 2273 Vide
900 2223 997 2288 Syllog·
1008 2221 1093 2285 Epist.
1103 2220 1176 2269 Turn.
1187 2232 1218 2268 rr.

616 2366 724 2422 Nom

119 2469 154 2518 de
166 2482 217 2533 qun
228 2467 344 2532 pluribus
353 2469 409 2534 egit
418 2469 466 2520 sub
477 2439 554 2519 linem
564 2468 651 2532 hujus-
723 2471 755 2516 67
779 2467 957 2530 ‚Cadmumque
975 2462 1060 2526 iurem]
1090 2463 1220 2529 intelligit

31 2559 37 2567 ·
119 2559 151 2595 ee
164 2543 222 2594 libri
235 2543 368 2607 Papinius.
692 2545 734 2593 sel
744 2542 864 2606 sntiquss
876 2539 977 2590 fshulss
985 2539 1097 2590 Penthei
1105 2541 1220 2604 discerp-

152 2625 186 2669 62
214 2617 319 2682 Elisson]
348 2620 450 2670 Fluvios
472 2621 599 2684 Sicyouiae
624 2620 650 2671 in
691 2619 713 2668 ti
725 2608 757 2668 sb
768 2617 860 2682 Agere
870 2626 963 2679 matre,
979 2626 1007 2668 et
1019 2616 1102 2666 omnis
1114 2617 1221 2666 erimina

119 2693 222 2746 Achaia
242 2693 427 2758 Peloponnesi.
460 2697 508 2746 Est
525 2697 551 2746 in
571 2697 651 2746 Ares·
690 2695 779 2758 stirpis
790 2694 898 2744 Cadmi:
925 2693 966 2743 rel
982 2693 1081 2744 endem
1093 2691 1151 2742 Lsil
1162 2706 1221 2757 per·

120 2771 165 2820 dis
176 2769 268 2819 fluuius
278 2769 401 2820 Helisson
409 2769 503 2835 dietus,
512 2771 555 2837 qui
566 2768 651 2821 iutluit
693 2776 821 2836 petrutsm
834 2785 850 2819 e
865 2767 917 2819 lilio
935 2769 1040 2832 OEdipo,
1059 2769 1166 2834 ejusque
1183 2770 1221 2818 iu·

120 2847 149 2894 irs
162 2843 299 2909 Alpheum.
692 2856 778 2896 certes
789 2845 893 2909 nuptias
911 2860 970 2894 runs
982 2854 1080 2894 metue:
1099 2860 1157 2912 quse
1168 2858 1221 2894 oru-

155 2927 187 2971 ⁶5
206 2909 265 2972 Puto
280 2918 465 2987 Phlegethonte]
490 2915 651 2987 Phlegethon
693 2922 736 2970 nis
753 2921 851 2970 scelere
876 2920 949 2970 iuriis
967 2921 1139 2970 ascribuntur.
1172 2921 1237 2970 To·-

120 2995 215 3046 llurius
226 2995 369 3046 infernalis.
398 2997 469 3062 Puto]
486 2998 555 3050 Quis
566 2999 590 3046 in
603 2999 652 3046 hoo
694 3005 846 3049 tumentem
862 2999 929 3049 huuc
945 2999 1029 3048 locum
1046 2998 1162 3048 imitatos
1181 3006 1223 3047 est

121 3069 202 3122 fluvio
220 3071 290 3123 soliti
307 3073 397 3122 bibere
413 3081 547 3138 serpentes
560 3076 653 3124 Eume·
694 3073 852 3124 Clsudieuus
880 3074 913 3124 de
940 3075 1028 3138 Rsptu
1055 3073 1221 3138 Proserpinae

121 3145 222 3209 nidum,
232 3147 281 3195 nisi
301 3149 370 3212 prius
389 3149 414 3197 iu
434 3151 517 3199 Elisso
532 3149 654 3200 biberint.
693 3149 739 3200 lib.
751 3163 784 3201 rr.
796 3155 853 3202 886.
867 3158 896 3200 et
907 3165 964 3215 seq.
974 3152 981 3177 ¹
990 3150 1080 3202 Qualis
1088 3149 1223 3214 pestiferas

122 3221 180 3272 Pro
194 3227 245 3272 tinto
263 3231 360 3288 nutem,
379 3229 434 3290 puto
445 3226 539 3276 hubent
551 3234 654 3277 veteres
694 3227 809 3276 suimnre
819 3226 851 3276 rrd
863 3227 971 3276 crimine
983 3234 1057 3274 texos
1067 3227 1153 3274 Turre
1165 3225 1222 3273 Me-

122 3297 291 3349 membreun.
694 3305 845 3368 gersruit3
863 3303 1224 3366 Csduriseumoenisposcst‚

156 3380 189 3424 56
200 3376 248 3426 Seu
259 3369 472 3429 Thracumeertere
481 3367 571 3440 mmor]
585 3377 654 3428 Hinc
695 3379 757 3429 Siue
768 3377 912 3442 Thyesteis
923 3384 1046 3443 properet
1061 3378 1153 3426 sreuire
1164 3377 1222 3442 My·

122 3451 259 3515 AEsehylus
286 3453 365 3504 liuius
391 3461 470 3505 voest
497 3453 655 3516 dhrnrnlrrevs,
691 3454 788 3505 cenis?

121 3526 150 3577 id
174 3533 224 3590 est,
240 3543 292 3592 qnoe
313 3535 421 3579 evertunt
441 3532 528 3580 domos.
560 3529 655 3592 Tangit
727 3535 759 3580 68
777 3528 811 3582 Et
827 3530 1224 3592 isumuers'slieesetnrtstugnune·

124 3609 214 3653 antem
236 3603 278 3653 hic
300 3603 413 3654 fabulam
443 3605 570 3668 Procnes,
596 3619 654 3668 que
694 3605 774 3669 seen]
792 3609 872 3657 Forte
890 3606 1144 3658 Poiitsoeensionem
1161 3607 1241 3654 arri-1

124 3686 200 3727 tsnto
212 3679 309 3731 exsrsit
320 3679 408 3730 lurore
420 3681 445 3730 iu
457 3682 576 3731 meritum
588 3681 654 3730 The·
695 3685 735 3748 pit
746 3683 850 3734 dicendi
861 3683 952 3732 Furias
962 3682 1068 3731 elrlnese
1078 3684 1107 3730 se
1121 3681 1146 3730 iu
1157 3682 1223 3730 Elis-

122 3768 181 3817 res,
192 3754 225 3806 ob
236 3763 381 3840 stupratam
400 3757 568 3807 Philomelam
585 3771 656 3806 soro·
696 3775 724 3810 so
735 3758 822 3823 durio,
830 3759 899 3825 quud
911 3756 1006 3808 hubent
1016 3757 1106 3806 uouiss
1117 3764 1146 3807 et
1156 3756 1225 3806 iuss·

124 3843 192 3892 rem,
209 3839 237 3879 ut
255 3829 303 3893 ipsi
321 3825 453 3894 proprium
471 3829 551 3880 filium
571 3846 655 3882 coure-
697 3835 783 3884 lubres
802 3849 890 3900 eques,
909 3834 949 3882 vel
969 3832 1038 3897 qood
1059 3831 1223 3896 serpentibus

124 3904 240 3954 (lendum
253 3907 411 3970 apposuerit.
446 3907 504 3956 lloe
525 3914 610 3956 srrteur
629 3907 656 3956 in
696 3918 804 3973 scateat,
814 3911 857 3960 sel
866 3910 977 3974 denique
990 3907 1058 3973 quod
1070 3911 1121 3958 non
1134 3910 1226 3972 procul

122 3981 236 4030 'l'hrsciu
247 3990 348 4045 gestum
359 3989 408 4032 est.
441 3981 488 4032 Ses
499 3982 562 4033 lectu
575 3983 657 4048 Myce·
698 3985 789 4036 abhoc
808 3984 886 4035 fluvio
903 3984 1057 4034 Eumenides
1076 3999 1122 4034 seu
1141 3983 1225 4034 Furius

122 4055 177 4120 nis]
195 4057 322 4121 Respexit
341 4068 368 4108 et
388 4057 499 4110 sabulum
518 4059 656 4126 A'tr'ei‚qui
697 4063 822 4124 templum
833 4061 977 4112 habuerint.
994 4061 1061 4111 Vide
1070 4060 1224 4111 Psusanism
1302 4096 1307 4108 .

122 4141 153 4182 et
161 4131 238 4182 frstri
247 4134 354 4197 Thyesti
363 4135 493 4200 proprium
502 4135 582 4185 filium
593 4151 655 4200 epu·
696 4135 874 4188 Corinthiacis.

123 4209 233 4261 lsndum
243 4209 347 4261 obtulit.
933 4219 936 4224 '
