2834 4625
486 324 699 378 ranasroos
727 330 796 381 nra.
820 332 872 384 vr.
1141 318 1225 384 losa

123 464 263 529 Prosilit
276 464 497 533 Alcidamas:
520 470 679 537 mirantur
695 472 821 541 Dorica
837 496 949 559 regum
1160 478 1226 541 740

119 564 286 647 Agmina:
308 568 371 633 sed
385 570 470 635 socii
485 570 606 637 fretum
623 573 762 639 Polluce
776 578 938 659 magistro

123 664 265 747 Norant,
276 675 311 733 et
325 688 440 737 sacrae
453 671 536 737 inter
548 674 697 738 crevisse
712 676 901 758 palaestras.

119 764 201 849 Ipse
218 770 310 834 Deus
325 774 506 855 posuitque
514 793 649 853 uranus,
666 787 701 841 et
714 779 852 844 brachia
867 781 966 855 linxit

120 868 299 935 Materiam
312 869 516 957 :(suadabat
529 894 624 939 emor
636 873 663 959 t)
677 881 756 941 tunc
771 898 864 962 saepe
878 879 1008 946 locavit

121 968 290 1049 Cominus,
305 978 338 1037 et
351 974 451 1041 simili
465 980 609 1041 stantem
623 979 765 1043 miratus
779 982 814 1045 in
828 984 881 1047 ira
1151 983 1219 1049 745

120 1070 262 1137 Sustulit
273 1074 442 1154 exultans,
458 1078 650 1160 nudumque
664 1080 707 1143 ad
723 1088 861 1162 pectora
873 1085 1013 1166 pressit.

120 1170 221 1237 lllum
235 1175 422 1259 indignatur
434 1176 627 1262 Capaneus,
641 1180 794 1264 ridetque
809 1190 997 1261 vocantem,

119 1272 170 1339 Ut
183 1276 356 1356 miserans,
370 1280 550 1364 poscitque
562 1282 683 1348 alium:
706 1283 910 1368 tandemque
925 1292 1066 1359 coaetus

120 1374 271 1456 Restitit,
287 1386 321 1444 et
334 1382 482 1446 stimulis
492 1383 565 1465 jam
580 1382 740 1463 languida
755 1385 845 1451 colla
859 1392 1062 1451 tumescunt.

119 1475 314 1545 Fulmineas
328 1481 398 1547 alte
414 1484 571 1565 suspensi
587 1502 732 1568 corpora
746 1484 872 1567 plantis
1149 1487 1218 1552 750

119 1656 191 1721 eopia
202 1662 310 1723 stupeat.-
325 1662 365 1713 sed
380 1662 430 1725 ejas
441 1662 536 1715 ramim
546 1664 650 1715 saisiant
661 1680 715 1715 eura
724 1666 841 1730 confidere
851 1666 967 1727 magistre
980 1665 1084 1719 Pellitos.
1099 1679 1128 1717 ac
1145 1663 1222 1713 adab·

118 1722 180 1771 uisse
189 1722 215 1773 ia
225 1724 344 1786 religiosis
351 1727 480 1789 petosiris.
513 1729 567 1792 Ipse
578 1730 646 1781 Deus
658 1730 800 1791 maserias
810 1731 941 1790 auxesi,
956 1735 980 1779 et
993 1728 1111 1789 sumsit
1121 1730 1222 1780 aanor

117 1790 144 1833 ut
156 1789 294 1839 materiam.-
305 1788 410 1855 (amlot
420 1794 483 1841 reios
494 1790 589 1857 oram)
600 1800 655 1842 tarr
665 1808 727 1857 rape
737 1796 866 1843 ammosa
874 1810 928 1846 essa
937 1794 1025 1855 pouit,
1037 1798 1061 1843 et
1071 1790 1221 1841 numm

116 1862 212 1911 pesaem
230 1866 296 1915 oeque
312 1869 339 1903 aa
356 1870 381 1905 ss
391 1854 493 1919 finitam
511 1862 536 1906 et
554 1860 684 1913 ardentem,
701 1859 770 1907 loetss
788 1860 855 1906 illust
868 1857 964 1917 meir,
980 1863 1003 1907 et
1014 1859 1103 1905 sudem
1113 1858 1144 1904 arl
1153 1870 1221 1904 ussa

114 1920 197 1975 pertas
206 1916 359 1967 coronarit.
394 1918 517 1983 Capaneus
526 1927 666 1982 aspematar
675 1922 752 1983 tuum,
762 1927 790 1969 ut
800 1921 922 1983 miserans,
937 1926 961 1969 et
968 1920 1053 1969 irridet
1064 1922 1224 1980 laurentem,

118 1982 143 2024 et
160 1980 233 2027 ulium
246 1980 316 2044 petit.
350 1982 453 2031 Tandem
470 1988 563 2032 raudus
581 1984 703 2044 remansit,
720 1991 744 2033 et
756 1986 809 2044 jars
825 1985 869 2033 ira
886 1985 975 2034 meis
992 1982 1221 2047 torpentesrernires

118 2042 242 2107 istriantur.
276 2045 318 2099 lili
335 2050 441 2099 tenentes
461 2063 544 2112 eorpus
557 2049 658 2113 peditus
675 2051 734 2098 retse
748 2064 885 2113 sespeesm
900 2050 1044 2099 assisterunt
1056 2046 1223 2112 saraddaliler

581 2190 623 2211 ΟΝ
627 2188 761 2211 cotenon

119 2285 178 2336 stel.
195 2284 310 2337 Gronov.
327 2286 419 2337 Bsrrlu.
439 2288 522 2338 veen.
545 2294 573 2338 et
595 2288 772 2352 palpa-trs
796 2289 926 2340 Malaios
949 2288 1018 2340 Dan.
1043 2288 1103 2338 l’ut.
1127 2287 1221 2339 Peter.

119 2350 295 2414 Lindeolrrog.
317 2360 345 2401 et
367 2353 443 2403 Cruc.
466 2355 548 2403 Mater
571 2367 622 2402 rerrs
641 2354 755 2415 optimus
775 2352 864 2403 Bartlr.
890 2355 1005 2404 Materia
1027 2354 1052 2402 in
1075 2352 1130 2402 eliis
1150 2353 1221 2414 ejus·

118 2414 178 2463 dem
199 2415 275 2465 codd.
299 2416 410 2466 uidebat
432 2430 497 2465 amor
524 2419 549 2465 in
575 2417 766 2481 optimo—'lto
788 2418 870 2478 Lana.
889 2416 1083 2467 taur.13osttd.
1103 2417 1216 2478 lipsien.

118 2478 196 2528 Aldd.
208 2480 289 2530 Colis.
299 2480 400 2544 Gryplr.
412 2481 491 2530 Basil.
502 2481 589 2530 Plaut.
602 2480 775 2544 Lindenbrog.
787 2489 815 2531 et
826 2482 904 2531 Cora.
921 2483 1042 2544 surlnpse
1048 2495 1059 2538 ,-
1075 2479 1144 2528 ltaa.
1155 2480 1219 2531 l’ut.

119 2543 210 2594 Peter.
228 2551 336 2608 uterque
352 2545 443 2596 Belrat.
461 2544 570 2594 Amstel.
590 2545 705 2594 Gronov.
721 2546 810 2596 Barth.
821 2547 905 2594 Vera.
919 2553 948 2594 et
964 2545 1060 2606 Delplt.
1077 2545 1221 2607 sudemus.

118 2611 199 2657 -tra
217 2607 452 2660 Unusllarthianus
465 2624 511 2673 pro
521 2625 545 2660 s.
557 2610 573 2657 l.
582 2609 702 2672 poscitque
712 2611 860 2659 Μαι-740
872 2609 994 2674 Optimus
1004 2609 1095 2660 Barth.
1105 2609 1219 2670 maida

612 2749 719 2804 Nora:

149 2854 198 2900 'llil
215 2850 317 2916 Dorica]
333 2851 530 2916 Peloponnesia.
565 2851 648 2900 Dares
690 2847 1220 2914 sersustluyetasuspectoeraideairn,

119 2927 197 2990 enirn,
209 2934 237 2980 ut
244 2928 300 2993 jaun
312 2928 432 2985 diximus,
442 2928 550 2979 ducibus
564 2926 648 2976 Hera·
689 2924 735 2982 eit,
746 2913 796 2975 aot
808 2927 880 2976 vult?

118 3003 193 3054 elidis
205 3004 412 3068 Peloponnesum
425 3011 631 3068 occupauerunt.
721 3005 768 3050 ltt
786 2999 909 3062 Stantem]
937 2999 1044 3063 Esigere
1063 3000 1131 3050 enirn
1152 3014 1220 3059 sesa.

150 3085 200 3129 742
215 3079 302 3132 Sarrae
316 3080 452 3144 palestrae]
475 3078 524 3128 Vel
543 3079 604 3144 qnia
621 3078 647 3128 in
688 3077 1221 3141 cervicemqueattolleraeorneertareut,

118 3156 199 3205 sacris
211 3155 267 3205 tisri
286 3157 413 3221 solebant,
425 3157 466 3207 sel
481 3156 541 3221 qula
558 3157 647 3206 iurea-
687 3154 713 3202 iu
725 3167 796 3205 ruore
806 3160 864 3205 erat
875 3153 1009 3217 pugilibus.
1026 3151 1102 3202 Unde
1115 3151 1220 3212 aaron

118 3231 299 3293 torpalaestrae
309 3232 456 3282 Deusarat.
686 3230 807 3294 insuta,
822 3229 1013 3286 ἀπανίστασθαι,
1025 3228 1140 3292 pugilum
1158 3245 1219 3294 pro.

149 3309 198 3354 743
215 3307 293 3370 Deus]
318 3308 412 3357 Pullus
424 3309 496 3374 pugil
507 3308 647 3358 celeberri-
688 3308 782 3371 prium.

118 3398 185 3445 murs,
195 3383 307 3448 Tyndari
320 3390 348 3434 et
365 3383 444 3434 Ledus
459 3382 537 3443 filius,
548 3385 645 3436 relatus
719 3387 768 3434 titt
784 3384 921 3434 Futurus·
936 3383 984 3430 alte
998 3381 1106 3443 mpessi
1121 3394 1219 3444 serpae

116 3462 187 3510 inter
198 3461 277 3522 Deos,
287 3475 346 3510 euru
358 3459 438 3510 intre
448 3461 565 3510 Castore.
685 3463 774 3525 piatis
784 3464 890 3510 Eressre
898 3459 991 3522 mss]
1011 3459 1108 3508 Pisatis
1119 3473 1167 3522 pro
1178 3471 1219 3508 ss·

142 3534 645 3600 ittMuterimr(saadedatursor:)]lieo·
686 3537 781 3589 titulis.
806 3537 880 3587 Vetus
894 3536 974 3586 Sciat.
1007 3534 1050 3584 Aa
1061 3547 1160 3584 rnorem
1171 3549 1219 3598 pu·

119 3612 169 3664 tias
185 3611 323 3675 distinguit
340 3612 495 3675 Gronovius,
510 3617 534 3662 et
549 3612 647 3663 tractis
686 3613 775 3676 giloni.
794 3613 860 3664 Nara
872 3609 1047 3676 qutnarribus
1058 3609 1220 3674 pugnabant.

110 3688 189 3754 fierit
199 3687 473 3753 Marcomanniam
481 3689 647 3752 arser.)1lore
686 3688 822 3749 erigebant
833 3700 901 3748 sese,
911 3693 939 3734 et
951 3692 981 3735 at
992 3697 1054 3734 sves
1066 3684 1092 3732 ia
1099 3682 1169 3747 aire,
1179 3684 1219 3735 sio

117 3779 186 3828 sepe.
212 3763 308 3814 Positis
318 3763 419 3814 scilieet
432 3763 533 3814 duobus
544 3764 647 3828 punctis
688 3763 726 3813 illi
737 3764 763 3812 lu
775 3763 855 3812 situas
866 3775 925 3810 sese
936 3757 1106 3810 extollebant.
1134 3759 1217 3810 Dein·

118 3849 177 3905 post
188 3854 277 3891 vocato
289 3841 434 3890 Moerim:
451 3848 479 3890 et
490 3841 529 3890 tris
541 3842 647 3892 sonibus
687 3836 722 3887 de
734 3837 837 3887 bractia
848 3834 960 3886 terrendi
971 3833 1057 3896 grstls
1068 3834 1095 3882 tn
1107 3833 1218 3884 sublime

117 3913 243 3978 (mons
264 3914 343 3978 amar>
365 3915 514 3979 parenthesi
531 3915 647 3978 larinate,
687 3912 789 3962 elevare
812 3911 940 3961 solebant.
979 3909 1102 3974 Plerique
1124 3909 1219 3960 Potite

116 4005 164 4054 per
173 3992 339 4054 epexegesis,
350 3991 419 4040 utsit
430 3991 511 4040 instar
521 3991 646 4043 materia.
687 3989 755 4038 hena
770 3988 956 4038 ssaltstlooeru
975 3985 1102 4035 scribunt.
1133 3985 1220 4050 Virgi-

118 4065 240 4128 Vlrgilius
252 4065 308 4116 AEa.
320 4079 359 4114 vr.
368 4067 376 4092 ‘
386 4065 453 4114 Fers
461 4064 647 4128 cordadurnat,
687 4066 738 4116 lius
749 4064 807 4117 AEa.
818 4079 845 4115 r.
863 4064 1004 4114 ‘Constitit
1018 4063 1044 4112 ln
1061 4061 1156 4126 digitos
1172 4076 1221 4114 ex·

116 4139 241 4204 tingitque
263 4138 423 4203 premenda?
459 4139 581 4190 Ceterum
604 4141 646 4196 laia
688 4142 787 4207 templo
805 4145 920 4190 arrectus
936 4136 1063 4204 aterque.'
1096 4137 1216 4200 Valerios
